@Book{barnum:01,
 author   = {Carol M. Barnum and Sam Dragga},
 title    = {Usability testing and research},
 publisher= {Allyn and Bacon},
 year     = {2001},
}

@Book{krug:00,
 author   = {Steve Krug},
 title    = {Don't make me think!: a common sense approach to Web usability},
 publisher= {Pearson Education India},
 year     = {2000},
}

@Book{tullis:13,
 author   = {William Albert and Thomas Tullis},
 title    = {Measuring the user experience: collecting, analyzing, and presenting usability metrics},
 publisher= {Newnes},
 year     = {2013},
}

@book{nielsen:06,
 author   = {Jakob Nielsen and Hoa Loranger},
 title    = {Prioritizing web usability},
 publisher= {Pearson Education},
 year     = {2006}
}

@book{ferreira:08,
 author   = {Simone Bacellar Leal Ferreira and Ricardo Nunes Rodrigues},
 title    = {e-Usabilidade},
 publisher= {Grupo Gen-LTC},
 year     = {2008}
}

@MastersThesis{anapaula12:MSc,
 author   = {Ana Paula Oliveira dos Santos},
 title    = {Aplicação de práticas de usabilidade ágil em software livre},
 school   = {Instituto de Matemática e Estatística, Universidade de São Paulo, Brasil},
 year     = {2012},
 month    = Oct
}

@Misc{uep:14,
 author   = {U.E.P. Association},
 title    = {What is user-centered design?},
 year     = {2014}
}

@Misc{SurveyGizmo:14,
 author   = {SurveyGizmo},
 title    = {Taxa de resposta de pesquisas},
 note     = {Último acesso em 10/05/2014},
 howpublished= {\url{http://www.surveygizmo.com/survey-blog/survey-response-rates/}},
}

@Misc{penwarden:14,
 author   = {Rick Penwarden},
 title    = {Calculando  tamanho da amostra em uma pesquisa},
 note     = {Último acesso em 08/07/2014},
 howpublished= {\url{http://fluidsurveys.com/university/calculating-right-survey-sample-size/}},
}

@Misc{stoa,
 author   = {STOA},
 title    = {Rede acadêmica colaborativa Stoa},
 note     = {Último acesso em 30/11/2014},
 howpublished= {\url{http://social.stoa.usp.br}},
}

@Misc{noosfero,
 author   = {Noosfero},
 title    = {Uma plataforma web livre para redes sociais e de economia solidária},
 note     = {Último acesso em 30/11/2014},
 howpublished= {\url{http://noosfero.org/}},
}
